%YAML 1.1
%TAG !u! tag:unity3d.com,2011:
--- !u!1 &663134802340977612
GameObject:
  m_ObjectHideFlags: 0
  m_CorrespondingSourceObject: {fileID: 0}
  m_PrefabInstance: {fileID: 0}
  m_PrefabAsset: {fileID: 0}
  serializedVersion: 6
  m_Component:
  - component: {fileID: 663134802340977613}
  - component: {fileID: 451578835455083433}
  - component: {fileID: 219929825869840915}
  m_Layer: 0
  m_Name: QuickArrowTower
  m_TagString: Untagged
  m_Icon: {fileID: 0}
  m_NavMeshLayer: 0
  m_StaticEditorFlags: 0
  m_IsActive: 1
--- !u!4 &663134802340977613
Transform:
  m_ObjectHideFlags: 0
  m_CorrespondingSourceObject: {fileID: 0}
  m_PrefabInstance: {fileID: 0}
  m_PrefabAsset: {fileID: 0}
  m_GameObject: {fileID: 663134802340977612}
  m_LocalRotation: {x: 0, y: 0, z: 0, w: 1}
  m_LocalPosition: {x: 0, y: 0, z: 0}
  m_LocalScale: {x: 1, y: 1, z: 1}
  m_ConstrainProportionsScale: 0
  m_Children:
  - {fileID: 9147150174864342684}
  - {fileID: 34163384528243269}
  - {fileID: 5873448373130779881}
  m_Father: {fileID: 0}
  m_RootOrder: 0
  m_LocalEulerAnglesHint: {x: 0, y: 0, z: 0}
--- !u!114 &451578835455083433
MonoBehaviour:
  m_ObjectHideFlags: 0
  m_CorrespondingSourceObject: {fileID: 0}
  m_PrefabInstance: {fileID: 0}
  m_PrefabAsset: {fileID: 0}
  m_GameObject: {fileID: 663134802340977612}
  m_Enabled: 1
  m_EditorHideFlags: 0
  m_Script: {fileID: 11500000, guid: f335f82af1f8dcb469a396347ae5d293, type: 3}
  m_Name: 
  m_EditorClassIdentifier: 
  towerObjectSO: {fileID: 11400000, guid: a1f9ce2fc9c638242a0e0069e5132d2c, type: 2}
--- !u!114 &219929825869840915
MonoBehaviour:
  m_ObjectHideFlags: 0
  m_CorrespondingSourceObject: {fileID: 0}
  m_PrefabInstance: {fileID: 0}
  m_PrefabAsset: {fileID: 0}
  m_GameObject: {fileID: 663134802340977612}
  m_Enabled: 1
  m_EditorHideFlags: 0
  m_Script: {fileID: 11500000, guid: 7a8febc131047584584f9d82251703ab, type: 3}
  m_Name: 
  m_EditorClassIdentifier: 
  towerStatSO: {fileID: 11400000, guid: 13cb0e970ae23d44fbb22119544b441d, type: 2}
  firePointTransform: {fileID: 5873448373130779881}
  towerHeadTransform: {fileID: 9147150174864342684}
--- !u!1 &7815935073639713400
GameObject:
  m_ObjectHideFlags: 0
  m_CorrespondingSourceObject: {fileID: 0}
  m_PrefabInstance: {fileID: 0}
  m_PrefabAsset: {fileID: 0}
  serializedVersion: 6
  m_Component:
  - component: {fileID: 5873448373130779881}
  m_Layer: 0
  m_Name: FirePoint
  m_TagString: Untagged
  m_Icon: {fileID: 0}
  m_NavMeshLayer: 0
  m_StaticEditorFlags: 0
  m_IsActive: 1
--- !u!4 &5873448373130779881
Transform:
  m_ObjectHideFlags: 0
  m_CorrespondingSourceObject: {fileID: 0}
  m_PrefabInstance: {fileID: 0}
  m_PrefabAsset: {fileID: 0}
  m_GameObject: {fileID: 7815935073639713400}
  m_LocalRotation: {x: 0, y: 0, z: 0, w: 1}
  m_LocalPosition: {x: 0, y: 2, z: 0}
  m_LocalScale: {x: 1, y: 1, z: 1}
  m_ConstrainProportionsScale: 0
  m_Children: []
  m_Father: {fileID: 663134802340977613}
  m_RootOrder: -1
  m_LocalEulerAnglesHint: {x: 0, y: 0, z: 0}
--- !u!1001 &663134800838601753
PrefabInstance:
  m_ObjectHideFlags: 0
  serializedVersion: 2
  m_Modification:
    serializedVersion: 3
    m_TransformParent: {fileID: 663134802340977613}
    m_Modifications:
    - target: {fileID: 8629698465684771460, guid: f9f17cd1dbdc46e4f8e7de8bf4d61bb8,
        type: 3}
      propertyPath: m_Name
      value: HeadArrow_Visual
      objectReference: {fileID: 0}
    - target: {fileID: 8629698465684771461, guid: f9f17cd1dbdc46e4f8e7de8bf4d61bb8,
        type: 3}
      propertyPath: m_RootOrder
      value: 0
      objectReference: {fileID: 0}
    - target: {fileID: 8629698465684771461, guid: f9f17cd1dbdc46e4f8e7de8bf4d61bb8,
        type: 3}
      propertyPath: m_LocalPosition.x
      value: 0
      objectReference: {fileID: 0}
    - target: {fileID: 8629698465684771461, guid: f9f17cd1dbdc46e4f8e7de8bf4d61bb8,
        type: 3}
      propertyPath: m_LocalPosition.y
      value: 1.75
      objectReference: {fileID: 0}
    - target: {fileID: 8629698465684771461, guid: f9f17cd1dbdc46e4f8e7de8bf4d61bb8,
        type: 3}
      propertyPath: m_LocalPosition.z
      value: 0
      objectReference: {fileID: 0}
    - target: {fileID: 8629698465684771461, guid: f9f17cd1dbdc46e4f8e7de8bf4d61bb8,
        type: 3}
      propertyPath: m_LocalRotation.w
      value: 1
      objectReference: {fileID: 0}
    - target: {fileID: 8629698465684771461, guid: f9f17cd1dbdc46e4f8e7de8bf4d61bb8,
        type: 3}
      propertyPath: m_LocalRotation.x
      value: -0
      objectReference: {fileID: 0}
    - target: {fileID: 8629698465684771461, guid: f9f17cd1dbdc46e4f8e7de8bf4d61bb8,
        type: 3}
      propertyPath: m_LocalRotation.y
      value: -0.0000004768371
      objectReference: {fileID: 0}
    - target: {fileID: 8629698465684771461, guid: f9f17cd1dbdc46e4f8e7de8bf4d61bb8,
        type: 3}
      propertyPath: m_LocalRotation.z
      value: -0
      objectReference: {fileID: 0}
    - target: {fileID: 8629698465684771461, guid: f9f17cd1dbdc46e4f8e7de8bf4d61bb8,
        type: 3}
      propertyPath: m_LocalEulerAnglesHint.x
      value: 0
      objectReference: {fileID: 0}
    - target: {fileID: 8629698465684771461, guid: f9f17cd1dbdc46e4f8e7de8bf4d61bb8,
        type: 3}
      propertyPath: m_LocalEulerAnglesHint.y
      value: 0
      objectReference: {fileID: 0}
    - target: {fileID: 8629698465684771461, guid: f9f17cd1dbdc46e4f8e7de8bf4d61bb8,
        type: 3}
      propertyPath: m_LocalEulerAnglesHint.z
      value: 0
      objectReference: {fileID: 0}
    m_RemovedComponents: []
    m_RemovedGameObjects: []
    m_AddedGameObjects: []
    m_AddedComponents: []
  m_SourcePrefab: {fileID: 100100000, guid: f9f17cd1dbdc46e4f8e7de8bf4d61bb8, type: 3}
--- !u!4 &9147150174864342684 stripped
Transform:
  m_CorrespondingSourceObject: {fileID: 8629698465684771461, guid: f9f17cd1dbdc46e4f8e7de8bf4d61bb8,
    type: 3}
  m_PrefabInstance: {fileID: 663134800838601753}
  m_PrefabAsset: {fileID: 0}
--- !u!1001 &1174405679265569428
PrefabInstance:
  m_ObjectHideFlags: 0
  serializedVersion: 2
  m_Modification:
    serializedVersion: 3
    m_TransformParent: {fileID: 663134802340977613}
    m_Modifications:
    - target: {fileID: 1167853787238551761, guid: 3bfd1f506686a6d4eb0a4b45247238c4,
        type: 3}
      propertyPath: m_RootOrder
      value: 0
      objectReference: {fileID: 0}
    - target: {fileID: 1167853787238551761, guid: 3bfd1f506686a6d4eb0a4b45247238c4,
        type: 3}
      propertyPath: m_LocalPosition.x
      value: 0
      objectReference: {fileID: 0}
    - target: {fileID: 1167853787238551761, guid: 3bfd1f506686a6d4eb0a4b45247238c4,
        type: 3}
      propertyPath: m_LocalPosition.y
      value: 0
      objectReference: {fileID: 0}
    - target: {fileID: 1167853787238551761, guid: 3bfd1f506686a6d4eb0a4b45247238c4,
        type: 3}
      propertyPath: m_LocalPosition.z
      value: 0
      objectReference: {fileID: 0}
    - target: {fileID: 1167853787238551761, guid: 3bfd1f506686a6d4eb0a4b45247238c4,
        type: 3}
      propertyPath: m_LocalRotation.w
      value: 1
      objectReference: {fileID: 0}
    - target: {fileID: 1167853787238551761, guid: 3bfd1f506686a6d4eb0a4b45247238c4,
        type: 3}
      propertyPath: m_LocalRotation.x
      value: 0
      objectReference: {fileID: 0}
    - target: {fileID: 1167853787238551761, guid: 3bfd1f506686a6d4eb0a4b45247238c4,
        type: 3}
      propertyPath: m_LocalRotation.y
      value: 0
      objectReference: {fileID: 0}
    - target: {fileID: 1167853787238551761, guid: 3bfd1f506686a6d4eb0a4b45247238c4,
        type: 3}
      propertyPath: m_LocalRotation.z
      value: 0
      objectReference: {fileID: 0}
    - target: {fileID: 1167853787238551761, guid: 3bfd1f506686a6d4eb0a4b45247238c4,
        type: 3}
      propertyPath: m_LocalEulerAnglesHint.x
      value: 0
      objectReference: {fileID: 0}
    - target: {fileID: 1167853787238551761, guid: 3bfd1f506686a6d4eb0a4b45247238c4,
        type: 3}
      propertyPath: m_LocalEulerAnglesHint.y
      value: 0
      objectReference: {fileID: 0}
    - target: {fileID: 1167853787238551761, guid: 3bfd1f506686a6d4eb0a4b45247238c4,
        type: 3}
      propertyPath: m_LocalEulerAnglesHint.z
      value: 0
      objectReference: {fileID: 0}
    - target: {fileID: 7100513269673024024, guid: 3bfd1f506686a6d4eb0a4b45247238c4,
        type: 3}
      propertyPath: m_Name
      value: BaseFastWeak_Visual
      objectReference: {fileID: 0}
    m_RemovedComponents: []
    m_RemovedGameObjects: []
    m_AddedGameObjects: []
    m_AddedComponents: []
  m_SourcePrefab: {fileID: 100100000, guid: 3bfd1f506686a6d4eb0a4b45247238c4, type: 3}
--- !u!4 &34163384528243269 stripped
Transform:
  m_CorrespondingSourceObject: {fileID: 1167853787238551761, guid: 3bfd1f506686a6d4eb0a4b45247238c4,
    type: 3}
  m_PrefabInstance: {fileID: 1174405679265569428}
  m_PrefabAsset: {fileID: 0}
