%YAML 1.1
%TAG !u! tag:unity3d.com,2011:
--- !u!1 &663134802340977612
GameObject:
  m_ObjectHideFlags: 0
  m_CorrespondingSourceObject: {fileID: 0}
  m_PrefabInstance: {fileID: 0}
  m_PrefabAsset: {fileID: 0}
  serializedVersion: 6
  m_Component:
  - component: {fileID: 663134802340977613}
  - component: {fileID: 451578835455083433}
  - component: {fileID: 219929825869840915}
  m_Layer: 0
  m_Name: SlowStrongRailgunTower
  m_TagString: Untagged
  m_Icon: {fileID: 0}
  m_NavMeshLayer: 0
  m_StaticEditorFlags: 0
  m_IsActive: 1
--- !u!4 &663134802340977613
Transform:
  m_ObjectHideFlags: 0
  m_CorrespondingSourceObject: {fileID: 0}
  m_PrefabInstance: {fileID: 0}
  m_PrefabAsset: {fileID: 0}
  m_GameObject: {fileID: 663134802340977612}
  m_LocalRotation: {x: 0, y: 0, z: 0, w: 1}
  m_LocalPosition: {x: 0, y: 0, z: 0}
  m_LocalScale: {x: 1, y: 1, z: 1}
  m_ConstrainProportionsScale: 0
  m_Children:
  - {fileID: 2807932472877488142}
  - {fileID: 2993585255768946269}
  - {fileID: 5873448373130779881}
  m_Father: {fileID: 0}
  m_RootOrder: 0
  m_LocalEulerAnglesHint: {x: 0, y: 0, z: 0}
--- !u!114 &451578835455083433
MonoBehaviour:
  m_ObjectHideFlags: 0
  m_CorrespondingSourceObject: {fileID: 0}
  m_PrefabInstance: {fileID: 0}
  m_PrefabAsset: {fileID: 0}
  m_GameObject: {fileID: 663134802340977612}
  m_Enabled: 1
  m_EditorHideFlags: 0
  m_Script: {fileID: 11500000, guid: f335f82af1f8dcb469a396347ae5d293, type: 3}
  m_Name: 
  m_EditorClassIdentifier: 
  towerObjectSO: {fileID: 11400000, guid: 1e2d6ce60d22c4d4c9e9697e963038d8, type: 2}
--- !u!114 &219929825869840915
MonoBehaviour:
  m_ObjectHideFlags: 0
  m_CorrespondingSourceObject: {fileID: 0}
  m_PrefabInstance: {fileID: 0}
  m_PrefabAsset: {fileID: 0}
  m_GameObject: {fileID: 663134802340977612}
  m_Enabled: 1
  m_EditorHideFlags: 0
  m_Script: {fileID: 11500000, guid: 7a8febc131047584584f9d82251703ab, type: 3}
  m_Name: 
  m_EditorClassIdentifier: 
  towerStatSO: {fileID: 11400000, guid: cf86db2533c353a47b547cbd61fdc6a4, type: 2}
  firePointTransform: {fileID: 5873448373130779881}
  towerHeadTransform: {fileID: 4792618207805431330}
--- !u!1 &7815935073639713400
GameObject:
  m_ObjectHideFlags: 0
  m_CorrespondingSourceObject: {fileID: 0}
  m_PrefabInstance: {fileID: 0}
  m_PrefabAsset: {fileID: 0}
  serializedVersion: 6
  m_Component:
  - component: {fileID: 5873448373130779881}
  m_Layer: 0
  m_Name: FirePoint
  m_TagString: Untagged
  m_Icon: {fileID: 0}
  m_NavMeshLayer: 0
  m_StaticEditorFlags: 0
  m_IsActive: 1
--- !u!4 &5873448373130779881
Transform:
  m_ObjectHideFlags: 0
  m_CorrespondingSourceObject: {fileID: 0}
  m_PrefabInstance: {fileID: 0}
  m_PrefabAsset: {fileID: 0}
  m_GameObject: {fileID: 7815935073639713400}
  m_LocalRotation: {x: 0, y: 0, z: 0, w: 1}
  m_LocalPosition: {x: 0, y: 2.298, z: 0.75}
  m_LocalScale: {x: 1, y: 1, z: 1}
  m_ConstrainProportionsScale: 0
  m_Children: []
  m_Father: {fileID: 663134802340977613}
  m_RootOrder: -1
  m_LocalEulerAnglesHint: {x: 0, y: 0, z: 0}
--- !u!1001 &223280770842655549
PrefabInstance:
  m_ObjectHideFlags: 0
  serializedVersion: 2
  m_Modification:
    serializedVersion: 3
    m_TransformParent: {fileID: 663134802340977613}
    m_Modifications:
    - target: {fileID: 2733270567055909683, guid: 6a7fa72efcbf1a14a9d0d85861e336ff,
        type: 3}
      propertyPath: m_RootOrder
      value: 0
      objectReference: {fileID: 0}
    - target: {fileID: 2733270567055909683, guid: 6a7fa72efcbf1a14a9d0d85861e336ff,
        type: 3}
      propertyPath: m_LocalPosition.x
      value: 0
      objectReference: {fileID: 0}
    - target: {fileID: 2733270567055909683, guid: 6a7fa72efcbf1a14a9d0d85861e336ff,
        type: 3}
      propertyPath: m_LocalPosition.y
      value: 1.5
      objectReference: {fileID: 0}
    - target: {fileID: 2733270567055909683, guid: 6a7fa72efcbf1a14a9d0d85861e336ff,
        type: 3}
      propertyPath: m_LocalPosition.z
      value: 0
      objectReference: {fileID: 0}
    - target: {fileID: 2733270567055909683, guid: 6a7fa72efcbf1a14a9d0d85861e336ff,
        type: 3}
      propertyPath: m_LocalRotation.w
      value: 1
      objectReference: {fileID: 0}
    - target: {fileID: 2733270567055909683, guid: 6a7fa72efcbf1a14a9d0d85861e336ff,
        type: 3}
      propertyPath: m_LocalRotation.x
      value: 0
      objectReference: {fileID: 0}
    - target: {fileID: 2733270567055909683, guid: 6a7fa72efcbf1a14a9d0d85861e336ff,
        type: 3}
      propertyPath: m_LocalRotation.y
      value: 0
      objectReference: {fileID: 0}
    - target: {fileID: 2733270567055909683, guid: 6a7fa72efcbf1a14a9d0d85861e336ff,
        type: 3}
      propertyPath: m_LocalRotation.z
      value: 0
      objectReference: {fileID: 0}
    - target: {fileID: 2733270567055909683, guid: 6a7fa72efcbf1a14a9d0d85861e336ff,
        type: 3}
      propertyPath: m_LocalEulerAnglesHint.x
      value: 0
      objectReference: {fileID: 0}
    - target: {fileID: 2733270567055909683, guid: 6a7fa72efcbf1a14a9d0d85861e336ff,
        type: 3}
      propertyPath: m_LocalEulerAnglesHint.y
      value: 0
      objectReference: {fileID: 0}
    - target: {fileID: 2733270567055909683, guid: 6a7fa72efcbf1a14a9d0d85861e336ff,
        type: 3}
      propertyPath: m_LocalEulerAnglesHint.z
      value: 0
      objectReference: {fileID: 0}
    - target: {fileID: 2733270567055909684, guid: 6a7fa72efcbf1a14a9d0d85861e336ff,
        type: 3}
      propertyPath: m_Name
      value: Head_Railgun
      objectReference: {fileID: 0}
    m_RemovedComponents: []
    m_RemovedGameObjects: []
    m_AddedGameObjects: []
    m_AddedComponents: []
  m_SourcePrefab: {fileID: 100100000, guid: 6a7fa72efcbf1a14a9d0d85861e336ff, type: 3}
--- !u!4 &2807932472877488142 stripped
Transform:
  m_CorrespondingSourceObject: {fileID: 2733270567055909683, guid: 6a7fa72efcbf1a14a9d0d85861e336ff,
    type: 3}
  m_PrefabInstance: {fileID: 223280770842655549}
  m_PrefabAsset: {fileID: 0}
--- !u!4 &4792618207805431330 stripped
Transform:
  m_CorrespondingSourceObject: {fileID: 4727526661737653535, guid: 6a7fa72efcbf1a14a9d0d85861e336ff,
    type: 3}
  m_PrefabInstance: {fileID: 223280770842655549}
  m_PrefabAsset: {fileID: 0}
--- !u!1001 &7921940212805822631
PrefabInstance:
  m_ObjectHideFlags: 0
  serializedVersion: 2
  m_Modification:
    serializedVersion: 3
    m_TransformParent: {fileID: 663134802340977613}
    m_Modifications:
    - target: {fileID: 4934603011412991738, guid: b7eff70c699e42b4aa0d843de5339e62,
        type: 3}
      propertyPath: m_RootOrder
      value: 0
      objectReference: {fileID: 0}
    - target: {fileID: 4934603011412991738, guid: b7eff70c699e42b4aa0d843de5339e62,
        type: 3}
      propertyPath: m_LocalPosition.x
      value: 0
      objectReference: {fileID: 0}
    - target: {fileID: 4934603011412991738, guid: b7eff70c699e42b4aa0d843de5339e62,
        type: 3}
      propertyPath: m_LocalPosition.y
      value: 0
      objectReference: {fileID: 0}
    - target: {fileID: 4934603011412991738, guid: b7eff70c699e42b4aa0d843de5339e62,
        type: 3}
      propertyPath: m_LocalPosition.z
      value: 0
      objectReference: {fileID: 0}
    - target: {fileID: 4934603011412991738, guid: b7eff70c699e42b4aa0d843de5339e62,
        type: 3}
      propertyPath: m_LocalRotation.w
      value: 1
      objectReference: {fileID: 0}
    - target: {fileID: 4934603011412991738, guid: b7eff70c699e42b4aa0d843de5339e62,
        type: 3}
      propertyPath: m_LocalRotation.x
      value: 0
      objectReference: {fileID: 0}
    - target: {fileID: 4934603011412991738, guid: b7eff70c699e42b4aa0d843de5339e62,
        type: 3}
      propertyPath: m_LocalRotation.y
      value: 0
      objectReference: {fileID: 0}
    - target: {fileID: 4934603011412991738, guid: b7eff70c699e42b4aa0d843de5339e62,
        type: 3}
      propertyPath: m_LocalRotation.z
      value: 0
      objectReference: {fileID: 0}
    - target: {fileID: 4934603011412991738, guid: b7eff70c699e42b4aa0d843de5339e62,
        type: 3}
      propertyPath: m_LocalEulerAnglesHint.x
      value: 0
      objectReference: {fileID: 0}
    - target: {fileID: 4934603011412991738, guid: b7eff70c699e42b4aa0d843de5339e62,
        type: 3}
      propertyPath: m_LocalEulerAnglesHint.y
      value: 0
      objectReference: {fileID: 0}
    - target: {fileID: 4934603011412991738, guid: b7eff70c699e42b4aa0d843de5339e62,
        type: 3}
      propertyPath: m_LocalEulerAnglesHint.z
      value: 0
      objectReference: {fileID: 0}
    - target: {fileID: 7446377744486408819, guid: b7eff70c699e42b4aa0d843de5339e62,
        type: 3}
      propertyPath: m_Name
      value: Base_SlowStrong
      objectReference: {fileID: 0}
    m_RemovedComponents: []
    m_RemovedGameObjects: []
    m_AddedGameObjects: []
    m_AddedComponents: []
  m_SourcePrefab: {fileID: 100100000, guid: b7eff70c699e42b4aa0d843de5339e62, type: 3}
--- !u!4 &2993585255768946269 stripped
Transform:
  m_CorrespondingSourceObject: {fileID: 4934603011412991738, guid: b7eff70c699e42b4aa0d843de5339e62,
    type: 3}
  m_PrefabInstance: {fileID: 7921940212805822631}
  m_PrefabAsset: {fileID: 0}
